@misc{Asterik,
  title = "Why are F- and p-values estimates shown as asterisks in the output?",
  url = "http://support.minitab.com/en-us/minitab/17/topic-library/modeling-statistics/doe/basics/f--and-p-values-that-are-shown-as-asterisks",
  note = "[Online; Consultada: 28/11/2015]"
}

@misc{Sigma,
	author = "Wikipedia",
	title = "Six Sigma --- Wikipedia{,} The Free Encyclopedia",
	year = "2015",
	url = "https://en.wikipedia.org/w/index.php?title=Six_Sigma&oldid=691193084",
	note = "[Online; Consultada: 28/11/2015]"
}